%% This BibTeX bibliography file was created using BibDesk.
%% https://bibdesk.sourceforge.io/

%% Created for Alejandro G. Recuenco at 2022-10-02 18:05:09 +0200


%% Saved with string encoding Unicode (UTF-8)


%% Generated with https://irl.github.io/bibwiki/
@misc{wiki:Fraunhofer_diffraction,
	author = "Wikipedia",
	title = "{Fraunhofer diffraction} --- {W}ikipedia{,} The Free Encyclopedia",
	year = "2022",
	howpublished = {\url{http://en.wikipedia.org/w/index.php?title=Fraunhofer\%
	                20diffraction&oldid=1109523545}},
	note = "[Online; accessed 02-October-2022]",
}
